<?xml version="1.0" encoding="UTF-8"?><collection xmlns="http://www.loc.gov/MARC21/slim"><record><leader>00495nam--2200193-i-4500</leader><controlfield tag="001">000006064</controlfield><controlfield tag="002">20161230</controlfield><controlfield tag="005">20161230201026</controlfield><controlfield tag="008">060222s1000------------r-----000-0-fre-d</controlfield><datafield ind1=" " ind2=" " tag="041"><subfield code="a">fre</subfield></datafield><datafield ind1=" " ind2=" " tag="080"><subfield code="a">621.376:519.3</subfield></datafield><datafield ind1="1" ind2=" " tag="100"><subfield code="a">Cairo,L</subfield></datafield><datafield ind1="1" ind2="0" tag="245"><subfield code="a">Techniques variationnelles en radioelectricite</subfield><subfield code="c">L. cairo, t. kahan</subfield></datafield><datafield ind1=" " ind2=" " tag="260"><subfield code="a">Paris</subfield><subfield code="b">Dunod</subfield><subfield code="c">1962</subfield></datafield><datafield ind1=" " ind2=" " tag="300"><subfield code="a">XII + 148 P</subfield></datafield><datafield ind1=" " ind2=" " tag="490"><subfield code="a">Monographies Dunod</subfield></datafield><datafield ind1="1" ind2=" " tag="700"><subfield code="a">Kahan,T</subfield></datafield><datafield ind1=" " ind2=" " tag="852"><subfield code="a">17965</subfield><subfield code="c">519.3</subfield></datafield><datafield ind1=" " ind2=" " tag="CAT"><subfield code="a">Sys</subfield><subfield code="c">20130808</subfield><subfield code="h">153636</subfield></datafield></record></collection>